01REMESSA01COBRANCA       00000000000004730443UNIAO ESTUDANTIL              237BRADESCO       210618        MX0000001                                                                                                                                                                                                                                                                                     000001
1000000000000000000000090000000000000                         2372000200000051359000000000002N           0  01000005135925071800000000266500000000001N210618000000000000000740707180000000003397000000000000000000000000000100040630201854LEANDRO FREIRE DA SILVA                 AV. RUI BARBOSA 408 CENTRO, ITANHAEM-SP             11740000                                                            000002
2                     DESCONTO DE 15% ATE DIA 7; 10% ATE DIA 15; 7% ATE O DIA 20;  APOS VENCIMENTO, COBRAR JUROS DE MORA DE 0.033% AO DIA 1% AO MES E MULTA DE 2%                            APOS VENCIMENTO, PROTESTAMENTO AUTOMATICO EM 30 DIAS                                  APOS VENCIMENTO, SUJEITO A ENVIO AO SPC/SERASA15071800000000022652007180000000001585       0090161000016659000000513590000003
9                                                                                                                                                                                                                                                                                                                                                                                                         000004